%---------------------------------------------------------------------------------Start Of Examples
@misc
{
    ReferencName, %Insert reference name
    author  = {},
    title   = {},
    url     = {},
}

@article
{
    ReferencName, %Insert reference name
    title   = {},
    author  = {},
    journal = {},
    volume  = {},
    number  = {},
    pages   = {},
    year    = {},
    publisher   = {}
}

@inproceedings
{
    ReferencName, %Insert reference name
    title   = {},
    author  = {},
    booktitle   = {},
    pages   = {},
    year    = {},
}
%---------------------------------------------------------------------------------End Of Examples

@article
{
    PerformanceBestPractices,
    title   = {ASP.NET Core Performance Best Practices},
    author  = {Mike Rousos},
    journal = {Microsoft Docs},
    volume  = {},
    number  = {},
    pages   = {},
    year    = {2019},
    publisher   = {Microsoft},
    url     = {https://docs.microsoft.com/en-us/aspnet/core/performance/performance-best-practices?view=aspnetcore-3.1#keep-common-code-paths-fast}
}

@article
{
    JsonArrayStreaming,
    title   = {Large JSON Array Streaming in ASP.NET Web API},
    author  = {Robert Vandenberg Huang},
    journal = {Code Project Articles},
    volume  = {},
    number  = {},
    pages   = {},
    year    = {2017},
    publisher   = {Code Project}
    url     = {https://www.codeproject.com/Articles/1180464/Large-JSON-Array-Streaming-in-ASP-NET-Web-API}
}

@article
{
    DotNetPerformance,
    title   = {Understanding ASP.NET Performance for Reading Incoming Data},
    author  = {Matt Watson},
    journal = {INSIGHTS FOR DEV MANAGERS},
    volume  = {},
    number  = {},
    pages   = {},
    year    = {2016},
    publisher   = {Stackify}
    url     = {https://stackify.com/understanding-asp-net-performance-for-reading-incoming-data/}
}

@misc
{
    LocationTables, %Insert reference name
    author  = {Rupert Leslie},
    title   = {Geo Data},
    url     = {https://dbdiagram.io/d/5e8c3e3c3d30f00839b39f68},
}

@misc
{
    ByteSizeMatters, %Insert reference name
    author  = {Lea Verou},
    title   = {Find out the size of a piece of text},
    url     = {http://bytesizematters.com/},
}

@misc
{
    StringToBinary, %Insert reference name
    author  = {Code Beautify},
    title   = {String to Binary},
    url     = {https://codebeautify.org/string-binary-converter},
}